@article{exampleArticle2022,
  title      = {A Dummy Title},
  author     = {Tsung-Hsi, Wu},
  year       = {2022},
  volume     = {xx},
  pages      = {xxx--xxx},
  language   = {en},
  number     = {x}
}

